<collection xmlns="http://www.loc.gov/MARC21/slim">
<record>
  <leader>01211nam0a22002651i 450 </leader>
  <controlfield tag="001">IT\ICCU\CNCE\080415</controlfield>
  <controlfield tag="005">20201005000000.0</controlfield>
  <datafield tag="012" ind1=" " ind2=" ">
    <subfield code="a">no33 s.s. i-e- laEt (3) 1584 (R)</subfield>
    <subfield code="2">fei</subfield>
  </datafield>
  <datafield tag="100" ind1=" " ind2=" ">
    <subfield code="a">20201005d1584        0itac0103    ba</subfield>
  </datafield>
  <datafield tag="101" ind1=" " ind2=" ">
    <subfield code="a">LAT</subfield>
  </datafield>
  <datafield tag="102" ind1=" " ind2=" ">
    <subfield code="a">IT</subfield>
  </datafield>
  <datafield tag="200" ind1="1" ind2=" ">
    <subfield code="a">Psalterium Romanum dispositum per hebdomadam una cum hymnario iuxta ordinem Breuiarij reformati, ex decreto sacrosancti Concilij Tridentini ... Cum Kalendario Gregoriano</subfield>
  </datafield>
  <datafield tag="210" ind1=" " ind2=" ">
    <subfield code="a">Venetiis</subfield>
    <subfield code="c">apud Iuntas</subfield>
    <subfield code="d">1584</subfield>
  </datafield>
  <datafield tag="215" ind1=" " ind2=" ">
    <subfield code="a">\12!, 176 c.</subfield>
    <subfield code="c">ill.</subfield>
    <subfield code="d">8ʻ</subfield>
  </datafield>
  <datafield tag="500" ind1="1" ind2="0">
    <subfield code="3">IT\ICCU\CNCE\030347</subfield>
    <subfield code="a">Psalterium</subfield>
  </datafield>
  <datafield tag="620" ind1=" " ind2=" ">
    <subfield code="a">IT</subfield>
    <subfield code="d">Venezia</subfield>
  </datafield>
  <datafield tag="710" ind1="0" ind2="2">
    <subfield code="a">Chiesa cattolica</subfield>
    <subfield code="3">6731</subfield>
  </datafield>
  <datafield tag="712" ind1="0" ind2="0">
    <subfield code="a">Giunta, Lucantonio</subfield>
    <subfield code="c"> &lt;2.&gt;</subfield>
    <subfield code="3">IT\ICCU\CNCT\000089</subfield>
    <subfield code="4">650</subfield>
  </datafield>
  <datafield tag="791" ind1="0" ind2="0">
    <subfield code="a">Iunta, Lucas Antonius</subfield>
    <subfield code="c"> &lt;2.&gt;</subfield>
    <subfield code="3">IT\ICCU\CNCT\003893</subfield>
    <subfield code="z">Giunta, Lucantonio &lt;2.&gt;</subfield>
  </datafield>
  <datafield tag="791" ind1="0" ind2="0">
    <subfield code="a">Giunti, Lucantonio</subfield>
    <subfield code="c"> &lt;2.&gt;</subfield>
    <subfield code="3">IT\ICCU\CNCT\004932</subfield>
    <subfield code="z">Giunta, Lucantonio &lt;2.&gt;</subfield>
  </datafield>
  <datafield tag="801" ind1=" " ind2="3">
    <subfield code="a">IT</subfield>
    <subfield code="b">ICCU</subfield>
    <subfield code="c">20201115</subfield>
  </datafield>
  <datafield tag="899" ind1=" " ind2=" ">
    <subfield code="a">Biblioteca civica Sebastiano Bagolino. Alcamo</subfield>
    <subfield code="1">TP0001</subfield>
    <subfield code="2">ZTP 08</subfield>
  </datafield>
  <datafield tag="899" ind1=" " ind2=" ">
    <subfield code="a">Biblioteca comunale V. Carvini. Erice</subfield>
    <subfield code="1">TP0008</subfield>
  </datafield>
  <datafield tag="911" ind1=" " ind2=" ">
    <subfield code="a">Sul front.</subfield>
    <subfield code="9">IT\ICCU\CNCM\001498</subfield>
  </datafield>
  <datafield tag="921" ind1=" " ind2=" ">
    <subfield code="a">IT\ICCU\CNCM\001498</subfield>
    <subfield code="b">Giglio fiorentino e iniziali L. A.</subfield>
    <subfield code="c">U419</subfield>
    <subfield code="d">Dimensioni: 2,2 x 3,2</subfield>
    <subfield code="f">GIGLIO</subfield>
    <subfield code="f">LA</subfield>
    <subfield code="g">1581-1587</subfield>
  </datafield>
</record>
</collection>
